<?xml version="1.0" encoding="UTF-8"?><collection xmlns="http://www.loc.gov/MARC21/slim"><record><leader>00476nam--2200169-i-4500</leader><controlfield tag="001">000012671</controlfield><controlfield tag="002">20161230</controlfield><controlfield tag="005">20161230201029</controlfield><controlfield tag="008">060222s1000------------r-----000-0-eng-d</controlfield><datafield ind1=" " ind2=" " tag="020"><subfield code="a">0855012080</subfield></datafield><datafield ind1=" " ind2=" " tag="080"><subfield code="a">535.33:535.215:535.853(035.5)</subfield></datafield><datafield ind1=" " ind2=" " tag="100"><subfield code="a">Briggs, D</subfield></datafield><datafield ind1=" " ind2=" " tag="245"><subfield code="a">Handbook of x-ray and ultraviolet photoelectron spectroscopy</subfield><subfield code="c">D. BRIGGS (Ed.)</subfield></datafield><datafield ind1=" " ind2=" " tag="260"><subfield code="a">RHEINE</subfield><subfield code="b">Heyden</subfield><subfield code="c">1977</subfield></datafield><datafield ind1=" " ind2=" " tag="300"><subfield code="a">XIII + 398 P</subfield></datafield><datafield ind1=" " ind2=" " tag="852"><subfield code="a">46024</subfield><subfield code="c">535.33</subfield></datafield><datafield ind1=" " ind2=" " tag="CAT"><subfield code="a">Sys</subfield><subfield code="c">20101214</subfield><subfield code="h">120354</subfield></datafield></record></collection>